@book{inorder,
  author    = {Donald E. Knuth}, 
  title     = {The Art of Computer Programming: Volume 1: Fundamental Algorithms},
  year      = 1997,
  volume    = 1,
  isbn      = {978-0201896831},
  publisher = {Addison Wesley; 3 edition (7 July 1997)},
  year      = 1997,
  volume    = 1,
  edition   = 3,
  month     = 7,
}

@article{dijkstra,
  author  = {E. W. Dijkstra}, 
  title   = {Solution of a problem in concurrent programming control},
  journal = {Communications of the ACM - Special 25th Anniversary Issue},
  year    = 1983,
  pages   = {21-22},
  month   = 1,
  volume  = 26
}

@article{quicksort,
  author  = {C. A. R. Hoare}, 
  title   = {Algorithm 64: Quicksort},
  journal = {Communications of the ACM},
  year    = 1961,
  pages   = {321},
  month   = 7,
  volume  = 4
}

