@book{inorder,
  author    = {Donald E. Knuth}, 
  title     = {The Art of Computer Programming: Volume 1: Fundamental Algorithms},
  year      = 1997,
  volume    = 1,
  isbn      = {978-0201896831},
  publisher = {Addison Wesley; 3 edition (7 July 1997)},
  year      = 1997,
  volume    = 1,
  edition   = 3,
  month     = 7,
}

@article{dijkstra,
   author = "Edsger W. Dijkstra",
   title = "Solution of a problem in concurrent programming control",
   year = "1965",
   journal = "Comm. ACM",
   volume = 8,
   number = 9,
   pages = {569},
   url = "http://doi.acm.org/10.1145/365559.365617",
   fileSize = {115 KB}
}

@article{quicksort,
  author  = {C. A. R. Hoare}, 
  title   = {Algorithm 64: Quicksort},
  journal = {Communications of the ACM},
  year    = 1961,
  pages   = {321},
  month   = 7,
  volume  = 4
}

